
@misc{HTMLyCSSDalto,
    author			= {Soy Dalto},
    title			= {Curso de HTML y CSS desde CERO (Completo)},
    howpublished	= {\url{https://www.youtube.com/watch?v=J5bXOOmkopc&list=PLeo1K3hjS3uvCeTYTeyfe0-rN5r8zn9rw&index=9}},
    year			= {2024},
    month			= {marzo},
    note			= {Accedido en julio de 2024},
    language        = {spanish},
}